% Encoding: UTF-8

@book{Magurran1988,
address = {Princeton},
author = {Magurran, Anne E},
edition = {NJ, Prince},
pages = {256},
title = {{Ecological diversity and its measurement}},
year = {1988}
}

@article{Cardinale2012,
author = {Cardinale, Bradley J. and Duffy, J. Emmett and Gonzalez, Andrew and Hooper, David U. and Perrings, Charles and Venail, Patrick and Narwani, Anita and Mace, Georgina M. and Tilman, David and A.Wardle, David and Kinzig, Ann P. and Daily, Gretchen C. and Loreau, Michel and Grace, James B. and Larigauderie, Anne and Srivastava, Diane S. and Naeem, Shahid},
doi = {10.1038/nature11373},
file = {:C$\backslash$:/Users/ariane.mirabel/AppData/Local/Mendeley Ltd./Mendeley Desktop/Downloaded/Cardinale et al. - 2012 - Biodiversity loss and its impact on humanity.pdf:pdf},
isbn = {00280836},
issn = {0028-0836},
journal = {Nature},
mendeley-groups = {These,These/Conservation},
number = {7415},
pages = {326--326},
pmid = {22678280},
title = {{Biodiversity loss and its impact on humanity}},
volume = {489},
year = {2012}
}

@article{Koh2010,
author = {Koh, Lian Pin and Sodhi, Navjot S.},
doi = {10.1007/s10531-010-9818-9},
isbn = {0960-3115},
issn = {09603115},
journal = {Biodiversity and Conservation},
keywords = {Climate change,Conservation,Deforestation,Extinction,Livelihoods,Wildlife trade},
number = {4},
pages = {913--917},
pmid = {275536700001},
title = {{Conserving Southeast Asia's imperiled biodiversity: Scientific, management, and policy challenges}},
volume = {19},
year = {2010}
}

@article{Margules2000,
author = {Margules, C R and Pressey, R L},
journal = {Nature},
keywords = {activity Biodiversity Conservation landscape natur},
number = {May},
pages = {243--253},
title = {{Systematic conservation planning}},
url = {http://scholar.google.com/scholar?hl=en{\&}btnG=Search{\&}q=intitle:Systematic+conservation+planning{\#}0},
volume = {405},
year = {2000}
}

@article{Purvis2000,
author = {Purvis, Andy and Hector, Andy},
doi = {10.1038/35012221},
file = {:C$\backslash$:/Users/ariane.mirabel/AppData/Local/Mendeley Ltd./Mendeley Desktop/Downloaded/Purvis, Hector - 2000 - Getting the measure of biodiversity.pdf:pdf;:C$\backslash$:/Users/ariane.mirabel/AppData/Local/Mendeley Ltd./Mendeley Desktop/Downloaded/Purvis, Hector - 2000 - Getting the measure of biodiversity(2).pdf:pdf},
isbn = {00280836 (ISSN)},
issn = {0028-0836},
journal = {Nature Insight Biodiverstiy},
mendeley-groups = {These,These/Conservation},
number = {6783},
pages = {vol 405 no. 6783},
pmid = {10821281},
title = {{Getting the measure of biodiversity}},
volume = {405},
year = {2000}
}

@article{Gibson2011a,
archivePrefix = {arXiv},
arxivId = {arXiv:1011.1669v3},
author = {Gibson, Luke and Lee, Tien Ming and Koh, Lian Pin and Brook, Barry W. and Gardner, Toby a. and Barlow, Jos and Peres, Carlos A. and Bradshaw, Corey J. a. and Laurance, William F. and Lovejoy, Thomas E. and Sodhi, Navjot S.},
doi = {10.1038/nature10425},
eprint = {arXiv:1011.1669v3},
isbn = {0028-0836},
issn = {0028-0836},
journal = {Nature},
mendeley-groups = {These,These/Conservation},
number = {7369},
pages = {378--381},
pmid = {21918513},
publisher = {Nature Publishing Group},
title = {{Primary forests are irreplaceable for sustaining tropical biodiversity}},
url = {http://dx.doi.org/10.1038/nature10425 http://dx.doi.org/10.1038/nature10425{\%}5Cnhttp://www.nature.com/doifinder/10.1038/nature10425},
volume = {478},
year = {2011}
}

@techreport{FAO2009,
address = {Rome},
author = {FAO},
file = {:C$\backslash$:/Users/ariane.mirabel/AppData/Local/Mendeley Ltd./Mendeley Desktop/Downloaded/FAO - 2014 - Situation des For{\^{e}}ts du monde.pdf:pdf},
institution = {Organisation des Nations Unies pour l'alimentation et l'agriculture},
isbn = {9789252060574},
mendeley-groups = {These,These/Conservation},
title = {{Situation des For{\^{e}}ts du monde}},
year = {2014}
}

@techreport{Sist2015,
author = {Sist, Plinio and Pacheco, Pablo and Nasi, Robert and Blaser, J{\"{u}}rgen},
file = {:C$\backslash$:/Users/ariane.mirabel/AppData/Local/Mendeley Ltd./Mendeley Desktop/Downloaded/Sist et al. - 2015 - Management of natural tropical forests for the future.pdf:pdf},
institution = {IUFRO WFSE},
mendeley-groups = {These,These/Conservation},
pages = {1--4},
title = {{Management of natural tropical forests for the future}},
volume = {32},
year = {2015}
}

@article{Whittaker1972,
author = {Whittaker, R. H.},
journal = {Taxon},
number = {2/3},
pages = {213--251},
title = {{Evolution and Measurement of Species Diversity}},
volume = {21},
year = {1972}
}

@article{Hill1973,
author = {Hill, M. O.},
file = {:C$\backslash$:/Users/ariane.mirabel/AppData/Local/Mendeley Ltd./Mendeley Desktop/Downloaded/Hill - 1973 - Diversity and Evenness A Unifying Notation and Its Consequences.pdf:pdf},
journal = {Ecological Society of America},
mendeley-groups = {These/Concepts},
number = {2},
pages = {427--432},
title = {{Diversity and Evenness : A Unifying Notation and Its Consequences}},
volume = {54},
year = {1973}
}

@article{Keylock2005,
author = {Keylock, C J},
number = {109},
pages = {203--208},
title = {{Simpson diversity and the Shannon-Wiener index as special cases of a generalized entropy}},
volume = {1},
year = {2005}
}

@article{Jost2006,
author = {Jost, Lou},
doi = {10.1111/j.2006.0030-1299.14714.x},
file = {:C$\backslash$:/Users/ariane.mirabel/AppData/Local/Mendeley Ltd./Mendeley Desktop/Downloaded/Jost - 2006 - Entropy and diversity.pdf:pdf},
isbn = {0030-1299},
issn = {00301299},
journal = {Oikos},
mendeley-groups = {These/Concepts},
number = {2},
pages = {363--375},
title = {{Entropy and diversity}},
volume = {113},
year = {2006}
}









































